@article{Ball:2022qks,
    author = "Ball, Richard D. and Candido, Alessandro and Cruz-Martinez, Juan and Forte, Stefano and Giani, Tommaso and Hekhorn, Felix and Kudashkin, Kirill and Magni, Giacomo and Rojo, Juan",
    collaboration = "NNPDF",
    title = "{Evidence for intrinsic charm quarks in the proton}",
    eprint = "2208.08372",
    archivePrefix = "arXiv",
    primaryClass = "hep-ph",
    reportNumber = "Nikhef 2021-032, Edinburgh 2021/28, TIF-UNIMI-2021-21",
    doi = "10.1038/s41586-022-04998-2",
    journal = "Nature",
    volume = "608",
    number = "7923",
    pages = "483--487",
    year = "2022"
}

@article{Kassabov:2022pps,
    author = "Kassabov, Zahari and Nocera, Emanuele R. and Wilson, Michael",
    title = "{Regularising experimental correlations in LHC data: theory and application to a global analysis of parton distributions}",
    eprint = "2207.00690",
    archivePrefix = "arXiv",
    primaryClass = "hep-ph",
    month = "7",
    year = "2022"
}

@article{DelDebbio:2021whr,
    author = "Del Debbio, Luigi and Giani, Tommaso and Wilson, Michael",
    title = "{Bayesian approach to inverse problems: an application to NNPDF closure testing}",
    eprint = "2111.05787",
    archivePrefix = "arXiv",
    primaryClass = "hep-ph",
    doi = "10.1140/epjc/s10052-022-10297-x",
    journal = "Eur. Phys. J. C",
    volume = "82",
    number = "4",
    pages = "330",
    year = "2022"
}

@article{Carrazza:2021yrg,
    author = "Carrazza, Stefano and Cruz-Martinez, Juan M. and Stegeman, Roy",
    title = "{A data-based parametrization of parton distribution functions}",
    eprint = "2111.02954",
    archivePrefix = "arXiv",
    primaryClass = "hep-ph",
    reportNumber = "TIF-UNIMI-2021-18",
    doi = "10.1140/epjc/s10052-022-10136-z",
    journal = "Eur. Phys. J. C",
    volume = "82",
    number = "2",
    pages = "163",
    year = "2022"
}

@article{Ball:2021dab,
    author = "Ball, Richard D. and Forte, Stefano and Stegeman, Roy",
    title = "{Correlation and combination of sets of parton distributions}",
    eprint = "2110.08274",
    archivePrefix = "arXiv",
    primaryClass = "hep-ph",
    reportNumber = "Edinburgh 2021/19, TIF-UNIMI-2021-5",
    doi = "10.1140/epjc/s10052-021-09863-6",
    journal = "Eur. Phys. J. C",
    volume = "81",
    number = "11",
    pages = "1046",
    year = "2021"
}

@article{NNPDF:2021njg,
    author = "Ball, Richard D. and others",
    collaboration = "NNPDF",
    title = "{The path to proton structure at 1\% accuracy}",
    eprint = "2109.02653",
    archivePrefix = "arXiv",
    primaryClass = "hep-ph",
    reportNumber = "Edinburgh 2021/12, Nikhef-2021-013, TIF-UNIMI-2021-11",
    doi = "10.1140/epjc/s10052-022-10328-7",
    journal = "Eur. Phys. J. C",
    volume = "82",
    number = "5",
    pages = "428",
    year = "2022"
}

@article{NNPDF:2021uiq,
    author = "Ball, Richard D. and others",
    collaboration = "NNPDF",
    title = "{An open-source machine learning framework for global analyses of parton distributions}",
    eprint = "2109.02671",
    archivePrefix = "arXiv",
    primaryClass = "hep-ph",
    reportNumber = "Edinburgh 2021/13, Nikhef-2021-020, TIF-UNIMI-2021-12",
    doi = "10.1140/epjc/s10052-021-09747-9",
    journal = "Eur. Phys. J. C",
    volume = "81",
    number = "10",
    pages = "958",
    year = "2021"
}

@misc{zahari_kassabov_2019_2571601,
  author       = {Zahari Kassabov},
  title        = {{Reportengine: A framework for declarative data 
                   analysis}},
  month        = feb,
  year         = 2019,
  publisher    = {Zenodo},
  version      = {v0.27},
  doi          = {10.5281/zenodo.2571601},
  url          = {https://doi.org/10.5281/zenodo.2571601}
}

@article{Ball:2009qv,
    author = "Ball, Richard D. and Del Debbio, Luigi and Forte, Stefano and Guffanti, Alberto and Latorre, Jose I. and Rojo, Juan and Ubiali, Maria",
    collaboration = "NNPDF",
    title = "{Fitting Parton Distribution Data with Multiplicative Normalization Uncertainties}",
    eprint = "0912.2276",
    archivePrefix = "arXiv",
    primaryClass = "hep-ph",
    reportNumber = "EDINBURGH-2009-22, IFUM-950-FT, FREIBURG-PHENO-09-09, CP3-09-51",
    doi = "10.1007/JHEP05(2010)075",
    journal = "JHEP",
    volume = "05",
    pages = "075",
    year = "2010"
}

@article{Cruz-Martinez:2021rgy,
    author = "Cruz-Martinez, Juan and Forte, Stefano and Nocera, Emanuele R.",
    title = "{Future tests of parton distributions}",
    eprint = "2103.08606",
    archivePrefix = "arXiv",
    primaryClass = "hep-ph",
    reportNumber = "TIF-UNIMI-2021-1",
    doi = "10.5506/APhysPolB.52.243",
    journal = "Acta Phys. Polon. B",
    volume = "52",
    pages = "243",
    year = "2021"
}

@article{Ball:2020xqw,
    author = "Ball, Richard D. and Nocera, Emanuele R. and Pearson, Rosalyn L.",
    title = "{Deuteron Uncertainties in the Determination of Proton PDFs}",
    eprint = "2011.00009",
    archivePrefix = "arXiv",
    primaryClass = "hep-ph",
    reportNumber = "Edinburgh 2020/15, Nikhef/2020-033",
    doi = "10.1140/epjc/s10052-020-08826-7",
    journal = "Eur. Phys. J. C",
    volume = "81",
    number = "1",
    pages = "37",
    year = "2021"
}

@article{Forte:2020yip,
    author = "Forte, Stefano and Carrazza, Stefano",
    title = "{Parton distribution functions}",
    eprint = "2008.12305",
    archivePrefix = "arXiv",
    primaryClass = "hep-ph",
    reportNumber = "TIF-UNIMI-2020-23",
    month = "8",
    year = "2020"
}

@article{AbdulKhalek:2020jut,
    author = "Abdul Khalek, Rabah and others",
    title = "{Phenomenology of NNLO jet production at the LHC and its impact on parton distributions}",
    eprint = "2005.11327",
    archivePrefix = "arXiv",
    primaryClass = "hep-ph",
    reportNumber = "CERN-TH-2020-073, IPPP/20/17, Nikhef/2020-001, TIF-UNIMI-2020-3, ZU-TH 15/20, TIF-UNIMI-2020-3,
  ZU-TH 15/20",
    doi = "10.1140/epjc/s10052-020-8328-5",
    journal = "Eur. Phys. J. C",
    volume = "80",
    number = "8",
    pages = "797",
    year = "2020"
}

@article{Forte:2020pyp,
    author = "Forte, Stefano and Kassabov, Zahari",
    title = "{Why $\alpha _s$ cannot be determined from hadronic processes without simultaneously determining the parton distributions}",
    eprint = "2001.04986",
    archivePrefix = "arXiv",
    primaryClass = "hep-ph",
    reportNumber = "TIF-UNIMI-2020-2, CAVENDISH-HEP-20-01",
    doi = "10.1140/epjc/s10052-020-7748-6",
    journal = "Eur. Phys. J. C",
    volume = "80",
    number = "3",
    pages = "182",
    year = "2020"
}

@article{Nocera:2019wyk,
    author = "Nocera, Emanuele R. and Ubiali, Maria and Voisey, Cameron",
    title = "{Single Top Production in PDF fits}",
    eprint = "1912.09543",
    archivePrefix = "arXiv",
    primaryClass = "hep-ph",
    reportNumber = "Cavendish-HEP-19/18, DAMTP-2019-28, Nikhef 2019-053",
    doi = "10.1007/JHEP05(2020)067",
    journal = "JHEP",
    volume = "05",
    pages = "067",
    year = "2020"
}

@article{AbdulKhalek:2019mzd,
    author = "Abdul Khalek, Rabah and Ethier, Jacob J. and Rojo, Juan",
    collaboration = "NNPDF",
    title = "{Nuclear parton distributions from lepton-nucleus scattering and the impact of an electron-ion collider}",
    eprint = "1904.00018",
    archivePrefix = "arXiv",
    primaryClass = "hep-ph",
    reportNumber = "Nikhef-2019-005",
    doi = "10.1140/epjc/s10052-019-6983-1",
    journal = "Eur. Phys. J. C",
    volume = "79",
    number = "6",
    pages = "471",
    year = "2019"
}
% theory uncertainties
@article{AbdulKhalek:2019ihb,
    author = "Abdul Khalek, Rabah and others",
    collaboration = "NNPDF",
    title = "{Parton Distributions with Theory Uncertainties: General Formalism and First Phenomenological Studies}",
    eprint = "1906.10698",
    archivePrefix = "arXiv",
    primaryClass = "hep-ph",
    reportNumber = "Edinburgh 2019/9, Nikhef/2019-014, TIF-UNIMI-2019-9 DAMTP-2019-24,
  CAVENDISH-HEP-19-11",
    doi = "10.1140/epjc/s10052-019-7401-4",
    journal = "Eur. Phys. J. C",
    volume = "79",
    number = "11",
    pages = "931",
    year = "2019"
}

@article{AbdulKhalek:2019bux,
    author = "Abdul Khalek, Rabah and others",
    collaboration = "NNPDF",
    title = "{A first determination of parton distributions with theoretical uncertainties}",
    eprint = "1905.04311",
    archivePrefix = "arXiv",
    primaryClass = "hep-ph",
    reportNumber = "CAVENDISH-HEP-19-07, DAMTP-2019-20, Edinburgh 2019/07, Nikhef
  2019-013, TIF-UNIMI-2019-4",
    doi = "10.1140/epjc/s10052-019-7364-5",
    journal = "Eur. Phys. J.",
    volume = "C",
    pages = "79:838",
    year = "2019"
}

@article{Carrazza:2019mzf,
    author = "Carrazza, Stefano and Cruz-Martinez, Juan",
    title = "{Towards a new generation of parton densities with deep learning models}",
    eprint = "1907.05075",
    archivePrefix = "arXiv",
    primaryClass = "hep-ph",
    reportNumber = "TIF-UNIMI-2019-11",
    doi = "10.1140/epjc/s10052-019-7197-2",
    journal = "Eur. Phys. J. C",
    volume = "79",
    number = "8",
    pages = "676",
    year = "2019"
}

% nnpdf3.1
@article{Ball:2017nwa,
    author = "Ball, Richard D. and others",
    collaboration = "NNPDF",
    title = "{Parton distributions from high-precision collider data}",
    eprint = "1706.00428",
    archivePrefix = "arXiv",
    primaryClass = "hep-ph",
    reportNumber = "EDINBURGH-2017-08, NIKHEF-2017-006, OUTP-17-04P, TIF-UNIMI-2017-3, CAVENDISH-HEP-17-06, CERN-TH-2017-077, Edinburgh 2017/08,
  Nikhef/2017-006, OUTP-17-04P,TIF-UNIMI-2017-3",
    doi = "10.1140/epjc/s10052-017-5199-5",
    journal = "Eur. Phys. J. C",
    volume = "77",
    number = "10",
    pages = "663",
    year = "2017"
}

%%%%%%%%%%
% Kfactors
%%%%%%%%%%

% Z pT
@article{Boughezal:2017nla,
    author = "Boughezal, Radja and Guffanti, Alberto and Petriello, Frank and Ubiali, Maria",
    title = "{The impact of the LHC Z-boson transverse momentum data on PDF determinations}",
    eprint = "1705.00343",
    archivePrefix = "arXiv",
    primaryClass = "hep-ph",
    reportNumber = "CAVENDISH-HEP-17-05",
    doi = "10.1007/JHEP07(2017)130",
    journal = "JHEP",
    volume = "07",
    pages = "130",
    year = "2017"
}

@article{Boughezal:2015ded,
    author = "Boughezal, Radja and Campbell, John M. and Ellis, R. Keith and Focke, Christfried and Giele, Walter T. and Liu, Xiaohui and Petriello, Frank",
    title = "{Z-boson production in association with a jet at next-to-next-to-leading order in perturbative QCD}",
    eprint = "1512.01291",
    archivePrefix = "arXiv",
    primaryClass = "hep-ph",
    reportNumber = "FERMILAB-PUB-15-519-T, IPPP-15-79",
    doi = "10.1103/PhysRevLett.116.152001",
    journal = "Phys. Rev. Lett.",
    volume = "116",
    number = "15",
    pages = "152001",
    year = "2016"
}

@article{Gavin:2010az,
    author = "Gavin, Ryan and Li, Ye and Petriello, Frank and Quackenbush, Seth",
    title = "{FEWZ 2.0: A code for hadronic Z production at next-to-next-to-leading order}",
    eprint = "1011.3540",
    archivePrefix = "arXiv",
    primaryClass = "hep-ph",
    reportNumber = "ANL-HEP-PR-10-60",
    doi = "10.1016/j.cpc.2011.06.008",
    journal = "Comput. Phys. Commun.",
    volume = "182",
    pages = "2388--2403",
    year = "2011"
}

@article{Boughezal:2016isb,
    author = "Boughezal, Radja and Liu, Xiaohui and Petriello, Frank",
    title = "{Phenomenology of the Z-boson plus jet process at NNLO}",
    eprint = "1602.08140",
    archivePrefix = "arXiv",
    primaryClass = "hep-ph",
    doi = "10.1103/PhysRevD.94.074015",
    journal = "Phys. Rev. D",
    volume = "94",
    number = "7",
    pages = "074015",
    year = "2016"
}

@article{Boughezal:2015dva,
    author = "Boughezal, Radja and Focke, Christfried and Liu, Xiaohui and Petriello, Frank",
    title = "{$W$-boson production in association with a jet at next-to-next-to-leading order in perturbative QCD}",
    eprint = "1504.02131",
    archivePrefix = "arXiv",
    primaryClass = "hep-ph",
    doi = "10.1103/PhysRevLett.115.062002",
    journal = "Phys. Rev. Lett.",
    volume = "115",
    number = "6",
    pages = "062002",
    year = "2015"
}

@article{Boughezal:2015eha,
    author = "Boughezal, Radja and Liu, Xiaohui and Petriello, Frank",
    title = "{$N$-jettiness soft function at next-to-next-to-leading order}",
    eprint = "1504.02540",
    archivePrefix = "arXiv",
    primaryClass = "hep-ph",
    doi = "10.1103/PhysRevD.91.094035",
    journal = "Phys. Rev. D",
    volume = "91",
    number = "9",
    pages = "094035",
    year = "2015"
}

@article{Gaunt:2015pea,
    author = "Gaunt, Jonathan and Stahlhofen, Maximilian and Tackmann, Frank J. and Walsh, Jonathan R.",
    title = "{N-jettiness Subtractions for NNLO QCD Calculations}",
    eprint = "1505.04794",
    archivePrefix = "arXiv",
    primaryClass = "hep-ph",
    reportNumber = "DESY-15-066",
    doi = "10.1007/JHEP09(2015)058",
    journal = "JHEP",
    volume = "09",
    pages = "058",
    year = "2015"
}

@article{Denner:2011vu,
    author = "Denner, Ansgar and Dittmaier, Stefan and Kasprzik, Tobias and Muck, Alexander",
    title = "{Electroweak corrections to dilepton + jet production at hadron colliders}",
    eprint = "1103.0914",
    archivePrefix = "arXiv",
    primaryClass = "hep-ph",
    doi = "10.1007/JHEP06(2011)069",
    journal = "JHEP",
    volume = "06",
    pages = "069",
    year = "2011"
}


% single top

@article{Berger:2016oht,
    author = "Berger, Edmond L. and Gao, Jun and Yuan, C. -P. and Zhu, Hua Xing",
    title = "{NNLO QCD Corrections to t-channel Single Top-Quark Production and Decay}",
    eprint = "1606.08463",
    archivePrefix = "arXiv",
    primaryClass = "hep-ph",
    doi = "10.1103/PhysRevD.94.071501",
    journal = "Phys. Rev. D",
    volume = "94",
    number = "7",
    pages = "071501",
    year = "2016"
}

@article{Berger:2017zof,
    author = "Berger, Edmond L. and Gao, Jun and Zhu, Hua Xing",
    title = "{Differential Distributions for t-channel Single Top-Quark Production and Decay at Next-to-Next-to-Leading Order in QCD}",
    eprint = "1708.09405",
    archivePrefix = "arXiv",
    primaryClass = "hep-ph",
    doi = "10.1007/JHEP11(2017)158",
    journal = "JHEP",
    volume = "11",
    pages = "158",
    year = "2017"
}

% inclusive jets

@article{Currie:2017eqf,
    author = "Currie, James and Gehrmann-De Ridder, Aude and Gehrmann, Thomas and Glover, E. W. N. and Huss, Alexander and Pires, Joao",
    title = "{Precise predictions for dijet production at the LHC}",
    eprint = "1705.10271",
    archivePrefix = "arXiv",
    primaryClass = "hep-ph",
    reportNumber = "IPPP-17-45, ZU-TH-13-17, MPP-2017-107",
    doi = "10.1103/PhysRevLett.119.152001",
    journal = "Phys. Rev. Lett.",
    volume = "119",
    number = "15",
    pages = "152001",
    year = "2017"
}

@article{Currie:2016bfm,
    author = "Currie, J and Glover, E. W. N. and Pires, J",
    title = "{Next-to-Next-to Leading Order QCD Predictions for Single Jet Inclusive Production at the LHC}",
    eprint = "1611.01460",
    archivePrefix = "arXiv",
    primaryClass = "hep-ph",
    reportNumber = "IPPP-16-110, MPP-2016-322",
    doi = "10.1103/PhysRevLett.118.072002",
    journal = "Phys. Rev. Lett.",
    volume = "118",
    number = "7",
    pages = "072002",
    year = "2017"
}

% top pair production

@article{Czakon:2016olj,
    author = "Czakon, Micha\l{} and Hartland, Nathan P. and Mitov, Alexander and Nocera, Emanuele R. and Rojo, Juan",
    title = "{Pinning down the large-x gluon with NNLO top-quark pair differential distributions}",
    eprint = "1611.08609",
    archivePrefix = "arXiv",
    primaryClass = "hep-ph",
    reportNumber = "OUTP-16-15P, NIKHEF-2016-046, CAVENDISH-HEP-16-17, AACHEN-TTK-16-49",
    doi = "10.1007/JHEP04(2017)044",
    journal = "JHEP",
    volume = "04",
    pages = "044",
    year = "2017"
}

@article{Czakon:2017dip,
    author = "Czakon, Michal and Heymes, David and Mitov, Alexander",
    title = "{fastNLO tables for NNLO top-quark pair differential distributions}",
    eprint = "1704.08551",
    archivePrefix = "arXiv",
    primaryClass = "hep-ph",
    reportNumber = "CAVENDISH-HEP-17-08, TTK-17-10",
    month = "4",
    year = "2017"
}

@article{Czakon:2013goa,
    author = "Czakon, Micha\l{} and Fiedler, Paul and Mitov, Alexander",
    title = "{Total Top-Quark Pair-Production Cross Section at Hadron Colliders
Through $O(\alpha^4_S)$}",
    eprint = "1303.6254",
    archivePrefix = "arXiv",
    primaryClass = "hep-ph",
    reportNumber = "CERN-PH-TH-2013-056, TTK-13-08",
    doi = "10.1103/PhysRevLett.110.252004",
    journal = "Phys. Rev. Lett.",
    volume = "110",
    pages = "252004",
    year = "2013"
}

% direct photon

@article{Campbell:2018wfu,
    author = "Campbell, John M. and Rojo, Juan and Slade, Emma and Williams, Ciaran",
    title = "{Direct photon production and PDF fits reloaded}",
    eprint = "1802.03021",
    archivePrefix = "arXiv",
    primaryClass = "hep-ph",
    reportNumber = "FERMILAB-PUB-18-018-T, Nikhef/2017-068, OUTP-17-16P, NIKHEF-2017-068",
    doi = "10.1140/epjc/s10052-018-5944-4",
    journal = "Eur. Phys. J. C",
    volume = "78",
    number = "6",
    pages = "470",
    year = "2018"
}

@article{Campbell:2016lzl,
    author = "Campbell, John M. and Ellis, R. Keith and Williams, Ciaran",
    title = "{Direct Photon Production at Next-to\textendash{}Next-to-Leading Order}",
    eprint = "1612.04333",
    archivePrefix = "arXiv",
    primaryClass = "hep-ph",
    reportNumber = "IPPP-16-115, FERMILAB-PUB-16-585-T",
    doi = "10.1103/PhysRevLett.118.222001",
    journal = "Phys. Rev. Lett.",
    volume = "118",
    number = "22",
    pages = "222001",
    year = "2017",
    note = "[Erratum: Phys.Rev.Lett. 124, 259901 (2020)]"
}

% massive correction to CC DIS

@article{Gao:2017kkx,
    author = "Gao, Jun",
    title = "{Massive charged-current coefficient functions in deep-inelastic scattering at NNLO and impact on strange-quark distributions}",
    eprint = "1710.04258",
    archivePrefix = "arXiv",
    primaryClass = "hep-ph",
    doi = "10.1007/JHEP02(2018)026",
    journal = "JHEP",
    volume = "02",
    pages = "026",
    year = "2018"
}


%%%%% NNPDF4.0
@article{nnpdf40,
       author = {{Ball}, Richard D. and {Carrazza}, Stefano and {Cruz-Martinez}, Juan and {Del Debbio}, Luigi and {Forte}, Stefano and {Giani}, Tommaso and {Iranipour}, Shayan and {Kassabov}, Zahari and {Latorre}, Jose I. and {Nocera}, Emanuele R. and {Pearson}, Rosalyn L. and {Rojo}, Juan and {Stegeman}, Roy and {Schwan}, Christopher and {Ubiali}, Maria and {Voisey}, Cameron and {Wilson}, Michael},
        title = "{The Path to Proton Structure at One-Percent Accuracy}",
      journal = {arXiv e-prints},
     keywords = {High Energy Physics - Phenomenology, High Energy Physics - Experiment},
         year = 2021,
        month = sep,
          eid = {arXiv:2109.02653},
        pages = {arXiv:2109.02653},
archivePrefix = {arXiv},
       eprint = {2109.02653},
 primaryClass = {hep-ph}
}

@article{nnpdf40code,
    author = "Ball, Richard D. and others",
    title = "{An open-source machine learning framework for global analyses of parton distributions}",
    eprint = "2109.02671",
    archivePrefix = "arXiv",
    primaryClass = "hep-ph",
    reportNumber = "Edinburgh 2021/13, Nikhef-2021-020, TIF-UNIMI-2021-12",
    month = "9",
    year = "2021"
}

@article{Carrazza:2016htc,
    author = "Carrazza, Stefano and Forte, Stefano and Kassabov, Zahari and Rojo, Juan",
    title = "{Specialized minimal PDFs for optimized LHC calculations}",
    eprint = "1602.00005",
    archivePrefix = "arXiv",
    primaryClass = "hep-ph",
    reportNumber = "CERN-PH-TH-2015-243, TIF-UNIMI-2015-13, OUTP-15-24P",
    doi = "10.1140/epjc/s10052-016-4042-8",
    journal = "Eur. Phys. J. C",
    volume = "76",
    number = "4",
    pages = "205",
    year = "2016"
}
